@article{Mason1993,
  title = {Conventions for the reporting of nuclear magnetic shielding (or shift) tensors suggested by participants in the NATO ARW on NMR shielding constants at the University of Maryland,  College Park,  July 1992},
  volume = {2},
  ISSN = {0926-2040},
  url = {http://dx.doi.org/10.1016/0926-2040(93)90010-K},
  DOI = {10.1016/0926-2040(93)90010-k},
  number = {5},
  journal = {Solid State Nuclear Magnetic Resonance},
  publisher = {Elsevier BV},
  author = {Mason,  J.},
  year = {1993},
  month = oct,
  pages = {285–288}
}

@book{Mehring1983,
  title = {Principles of High Resolution NMR in Solids},
  ISBN = {9783642687563},
  url = {http://dx.doi.org/10.1007/978-3-642-68756-3},
  DOI = {10.1007/978-3-642-68756-3},
  publisher = {Springer Berlin Heidelberg},
  author = {Mehring,  Michael},
  year = {1983}
}
@article{Svenningsson2023,
  title = {TensorView for MATLAB: Visualizing tensors with Euler angle decoding},
  volume = {123},
  ISSN = {0926-2040},
  url = {http://dx.doi.org/10.1016/j.ssnmr.2022.101849},
  DOI = {10.1016/j.ssnmr.2022.101849},
  journal = {Solid State Nuclear Magnetic Resonance},
  publisher = {Elsevier BV},
  author = {Svenningsson,  Leo and Mueller,  Leonard J.},
  year = {2023},
  month = feb,
  pages = {101849}
}
@article{Herzfeld1980,
  title = {Sideband intensities in NMR spectra of samples spinning at the magic angle},
  volume = {73},
  ISSN = {1089-7690},
  url = {http://dx.doi.org/10.1063/1.440136},
  DOI = {10.1063/1.440136},
  number = {12},
  journal = {The Journal of Chemical Physics},
  publisher = {AIP Publishing},
  author = {Herzfeld,  Judith and Berger,  Alan E.},
  year = {1980},
  month = dec,
  pages = {6021–6030}
}
@book{Haeberlen1976,
	address = {New York},
	series = {Advances in magnetic resonance. {Supplement}},
	title = {High resolution {NMR} in solids: selective averaging},
	isbn = {978-0-12-025561-0},
	shorttitle = {High resolution {NMR} in solids},
	language = {eng},
	number = {1},
	publisher = {Academic Press},
	author = {Haeberlen, Ulrich},
	year = {1976},
}
@article{Harris2008,
  title = {Further Conventions for NMR Shielding and Chemical Shifts (IUPAC Recommendations 2008): International Union of Pure and Applied Chemistry Physical and Biophysical Chemistry Division},
  volume = {46},
  ISSN = {1097-458X},
  url = {http://dx.doi.org/10.1002/mrc.2225},
  DOI = {10.1002/mrc.2225},
  number = {6},
  journal = {Magnetic Resonance in Chemistry},
  publisher = {Wiley},
  author = {Harris,  Robin K. and Becker,  Edwin D. and De Menezes,  Sonia M. Cabral and Granger,  Pierre and Hoffman,  Roy E. and Zilm,  Kurt W.},
  year = {2008},
  month = apr,
  pages = {582–598}
}